<?xml version="1.0" encoding="UTF-8"?><collection xmlns="http://www.loc.gov/MARC21/slim"><record><leader>00479nam--2200193-i-4500</leader><controlfield tag="001">000016051</controlfield><controlfield tag="002">20161230</controlfield><controlfield tag="005">20161230201031</controlfield><controlfield tag="008">060222s1000------------r-----000-0-rum-d</controlfield><datafield ind1=" " ind2=" " tag="040"><subfield code="a">IFIN-HH</subfield></datafield><datafield ind1=" " ind2=" " tag="041"><subfield code="a">rum</subfield></datafield><datafield ind1=" " ind2=" " tag="080"><subfield code="a">524.6</subfield></datafield><datafield ind1="1" ind2=" " tag="100"><subfield code="a">Demetrescu, G</subfield></datafield><datafield ind1="1" ind2="0" tag="245"><subfield code="a">Galaxii in univers</subfield><subfield code="c">G. demetrescu, c. parvulescu</subfield></datafield><datafield ind1=" " ind2=" " tag="260"><subfield code="a">Bucuresti</subfield><subfield code="b">Editura Stiintifica</subfield><subfield code="c">1967</subfield></datafield><datafield ind1=" " ind2=" " tag="300"><subfield code="a">326P</subfield></datafield><datafield ind1="1" ind2=" " tag="700"><subfield code="a">Parvulescu, C</subfield></datafield><datafield ind1=" " ind2=" " tag="852"><subfield code="a">76734</subfield><subfield code="c">523</subfield></datafield><datafield ind1=" " ind2=" " tag="CAT"><subfield code="a">Sys</subfield><subfield code="c">20141209</subfield><subfield code="h">142407</subfield></datafield></record></collection>